@article{GABRIELY2003197,
  title    = {Competitive on-line coverage of grid environments by a mobile robot},
  journal  = {Computational Geometry},
  volume   = {24},
  number   = {3},
  pages    = {197-224},
  year     = {2003},
  issn     = {0925-7721},
  doi      = {https://doi.org/10.1016/S0925-7721(02)00110-4},
  url      = {https://www.sciencedirect.com/science/article/pii/S0925772102001104},
  author   = {Yoav Gabriely and Elon Rimon},
  keywords = {Mobile robot covering, Competitive covering, Sensor based covering, On-line spanning tree construction}
}
@article{kalyanas,
  title   = {Constructing competitive tours from local information},
  journal = {Theoretical Computer Science},
  volume  = {130},
  number  = {1},
  pages   = {125-138},
  year    = {1994},
  issn    = {0304-3975},
  doi     = {https://doi.org/10.1016/0304-3975(94)90155-4},
  url     = {https://www.sciencedirect.com/science/article/pii/0304397594901554},
  author  = {Bala Kalyanasundaram and Kirk R. Pruhs}
}
@inproceedings{icking,
  author    = {Icking, Christian
               and Kamphans, Thomas
               and Klein, Rolf
               and Langetepe, Elmar},
  editor    = {Hager, Gregory D.
               and Christensen, Henrik Iskov
               and Bunke, Horst
               and Klein, Rolf},
  title     = {On the Competitive Complexity of Navigation Tasks},
  booktitle = {Sensor Based Intelligent Robots},
  year      = {2002},
  publisher = {Springer Berlin Heidelberg},
  address   = {Berlin, Heidelberg},
  pages     = {245--258},
  isbn      = {978-3-540-45993-4}
}
